{
  "leader": "05517cam a22006494a 4500",
  "fields": [
    {
      "001": "ocm60825595\\"
    },
    {
      "003": "OCoLC"
    },
    {
      "005": "20211007163330.0"
    },
    {
      "008": "050701s2005\\\\\\\\pau\\\\\\\\\\\\b\\\\\\\\001\\0beng\\\\"
    },
    {
      "010": {
        "ind1": "\\",
        "ind2": "\\",
        "subfields": [
          {
            "a": "  2005048348"
          }
        ]
      }
    },
    {
      "040": {
        "ind1": "\\",
        "ind2": "\\",
        "subfields": [
          {
            "a": "DNLM/DLC"
          },
          {
            "b": "eng"
          },
          {
            "c": "DLC"
          },
          {
            "d": "NLM"
          },
          {
            "d": "C#P"
          },
          {
            "d": "BAKER"
          },
          {
            "d": "NLGGC"
          },
          {
            "d": "YDXCP"
          },
          {
            "d": "BTCTA"
          },
          {
            "d": "STF"
          },
          {
            "d": "NIALS"
          },
          {
            "d": "EUM"
          },
          {
            "d": "WUM"
          },
          {
            "d": "OCLCO"
          },
          {
            "d": "OCLCQ"
          },
          {
            "d": "EUW"
          },
          {
            "d": "OCLCQ"
          },
          {
            "d": "NJR"
          },
          {
            "d": "DHA"
          },
          {
            "d": "OCLCQ"
          },
          {
            "d": "OCLCF"
          },
          {
            "d": "OCLCO"
          },
          {
            "d": "AU@"
          },
          {
            "d": "OCLCA"
          },
          {
            "d": "OCL"
          },
          {
            "d": "L2U"
          },
          {
            "d": "IL4J6"
          }
        ]
      }
    },
    {
      "016": {
        "ind1": "7",
        "ind2": "\\",
        "subfields": [
          {
            "a": "101251790"
          },
          {
            "2": "DNLM"
          }
        ]
      }
    },
    {
      "020": {
        "ind1": "\\",
        "ind2": "\\",
        "subfields": [
          {
            "a": "9780871692559"
          },
          {
            "q": "(cloth)"
          }
        ]
      }
    },
    {
      "020": {
        "ind1": "\\",
        "ind2": "\\",
        "subfields": [
          {
            "a": "0871692554"
          },
          {
            "q": "(cloth)"
          }
        ]
      }
    },
    {
      "024": {
        "ind1": "3",
        "ind2": "\\",
        "subfields": [
          {
            "a": "9780871692559"
          }
        ]
      }
    },
    {
      "035": {
        "ind1": "\\",
        "ind2": "\\",
        "subfields": [
          {
            "a": "(OCoLC)60825595"
          }
        ]
      }
    },
    {
      "042": {
        "ind1": "\\",
        "ind2": "\\",
        "subfields": [
          {
            "a": "pcc"
          }
        ]
      }
    },
    {
      "043": {
        "ind1": "\\",
        "ind2": "\\",
        "subfields": [
          {
            "a": "e-gx---"
          }
        ]
      }
    },
    {
      "050": {
        "ind1": "0",
        "ind2": "0",
        "subfields": [
          {
            "a": "R512.B45"
          },
          {
            "b": "L56 2005"
          }
        ]
      }
    },
    {
      "060": {
        "ind1": "0",
        "ind2": "0",
        "subfields": [
          {
            "a": "2006 D-613"
          }
        ]
      }
    },
    {
      "060": {
        "ind1": "1",
        "ind2": "0",
        "subfields": [
          {
            "a": "WZ 100"
          },
          {
            "b": "B421L 2005"
          }
        ]
      }
    },
    {
      "082": {
        "ind1": "0",
        "ind2": "4",
        "subfields": [
          {
            "a": "616.079092"
          },
          {
            "b": "LIN"
          }
        ]
      }
    },
    {
      "100": {
        "ind1": "1",
        "ind2": "\\",
        "subfields": [
          {
            "a": "Linton, Derek S."
          }
        ]
      }
    },
    {
      "245": {
        "ind1": "1",
        "ind2": "0",
        "subfields": [
          {
            "a": "Emil von Behring :"
          },
          {
            "b": "infectious disease, immunology, serum therapy /"
          },
          {
            "c": "Derek S. Linton."
          }
        ]
      }
    },
    {
      "260": {
        "ind1": "\\",
        "ind2": "\\",
        "subfields": [
          {
            "a": "Philadelphia :"
          },
          {
            "b": "American Philosophical Society,"
          },
          {
            "c": "2005."
          }
        ]
      }
    },
    {
      "300": {
        "ind1": "\\",
        "ind2": "\\",
        "subfields": [
          {
            "a": "xi, 580 pages ;"
          },
          {
            "c": "26 cm."
          }
        ]
      }
    },
    {
      "336": {
        "ind1": "\\",
        "ind2": "\\",
        "subfields": [
          {
            "a": "text"
          },
          {
            "b": "txt"
          },
          {
            "2": "rdacontent"
          }
        ]
      }
    },
    {
      "337": {
        "ind1": "\\",
        "ind2": "\\",
        "subfields": [
          {
            "a": "unmediated"
          },
          {
            "b": "n"
          },
          {
            "2": "rdamedia"
          }
        ]
      }
    },
    {
      "338": {
        "ind1": "\\",
        "ind2": "\\",
        "subfields": [
          {
            "a": "volume"
          },
          {
            "b": "nc"
          },
          {
            "2": "rdacarrier"
          }
        ]
      }
    },
    {
      "490": {
        "ind1": "1",
        "ind2": "\\",
        "subfields": [
          {
            "a": "Memoirs of the American Philosophical Society held at Philadelphia for promoting useful knowledge ;"
          },
          {
            "v": "v. 255"
          }
        ]
      }
    },
    {
      "504": {
        "ind1": "\\",
        "ind2": "\\",
        "subfields": [
          {
            "a": "Includes bibliographical references (pages 551-574) and index."
          }
        ]
      }
    },
    {
      "520": {
        "ind1": "\\",
        "ind2": "\\",
        "subfields": [
          {
            "a": "In 1901 Emil von Behring received the first Nobel Prize in medicine for serum therapy against diphtheria, a disease that killed thousands of infants annually. Diphtheria serum was the first major cure of the bacteriological era & its development generated novel procedures for testing, standardizing, & regulating drugs. Since the intro. of antibiotics, Behring & his work have largely been forgotten. In the first English-language scientific biography of Behring, Derek S. Linton seeks to restore Behring's reputation. He emphasizes Behring's seminal contributions to the study of infectious disease, the formation of modern immunology, & innovative research on specific remedies & vaccines against deadly microbial infections. Behring's research program is placed within the context of Imperial Germany's vibrant scientific culture. This biography explores his complex relations to the rival bacteriological schools of Robert Koch in Berlin & Louis Pasteur in Paris, the emergent German pharmaceutical industry, & the institutionalization of experimental therapeutic research. It also analyzes Behring's collaborations & controversies with leading med. researchers. The second part of the volume contains translations of 13 key articles by Behring & his associates on infectious diseases, immunology, drug testing, & therapeutics spanning 30 years of his remarkable scientific career."
          }
        ]
      }
    },
    {
      "505": {
        "ind1": "0",
        "ind2": "0",
        "subfields": [
          {
            "a": "Machine derived contents note: PART ONE -- Emil von Behring: Infectious Disease, -- Immunology, Serum Therapy -- 1. Introduction 3 -- 2. The Making of a Medical Researcher 17 -- 3. From Bonn to Berlin, from Disinfection -- to Immunology 41 -- 4. From Immunization to Serum Therapy 99 -- 5. Marburg, Further Diphtheria and -- Tetanus Research, the Nobel Prize 197 -- 6. Cradle Songs and Guilty Milk: -- Behring's Tuberculosis Research 258 -- 7. Behring's Last Years: Blood Studies, Hypersensitivity, -- Diphtheria Immunization, and Tetanus 319 -- 8. At Behring's Mausoleum: The Vagaries -- of Reputation and Reasons for Remembrance 388 -- PART TWO -- Selected Writings of Behring on Infectious Disease, -- Immunology, and Serum Therapy -- Introduction to the Selected Writings 433 -- 1. On lodoform and Acetylene 439 -- 2. On the Cause of the Immunity -- of Rats against Anthrax 442 -- 3. On the Formation of Diphtheria Immunity and -- Tetanus Immunity in Animals 450 -- 4. Investigations of the Formation of -- Diphtheria Immunity in Animals 454 -- 5. On Immunizing and Healing Experimental -- Animals with Diphtheria 460 -- 6. The Tetanus Healing Serum and the -- Determination of Its Healing Value 488 -- 7. On Healing Mice Sick with Tetanus 495 -- 8. On the Treatment of Children Sick with -- Diphtheria with the \"Diphtheria Healing Serum\" 497 -- 9. The Determination of the Value of -- the Diphtheria-Healing Serum 503 -- 10. Serum Therapy in Medical Science and -- the Art of Healing 509 -- 11. Combating Tuberculosis 518 -- 12. Tasks and Achievements of My New -- Diphtheria Protection Drug 534 -- 13. Etiology, Prognosis and Therapy of Tetanus 539."
          }
        ]
      }
    },
    {
      "600": {
        "ind1": "1",
        "ind2": "0",
        "subfields": [
          {
            "a": "Behring, Emil von,"
          },
          {
            "d": "1854-1917."
          }
        ]
      }
    },
    {
      "650": {
        "ind1": "\\",
        "ind2": "0",
        "subfields": [
          {
            "a": "Physicians"
          },
          {
            "z": "Germany"
          },
          {
            "v": "Biography."
          }
        ]
      }
    },
    {
      "650": {
        "ind1": "\\",
        "ind2": "0",
        "subfields": [
          {
            "a": "Immunologists"
          },
          {
            "z": "Germany"
          },
          {
            "v": "Biography."
          }
        ]
      }
    },
    {
      "650": {
        "ind1": "\\",
        "ind2": "0",
        "subfields": [
          {
            "a": "Immunity"
          },
          {
            "x": "Research"
          },
          {
            "x": "History."
          }
        ]
      }
    },
    {
      "600": {
        "ind1": "1",
        "ind2": "2",
        "subfields": [
          {
            "a": "Behring, Emil von,"
          },
          {
            "d": "1854-1917."
          }
        ]
      }
    },
    {
      "650": {
        "ind1": "1",
        "ind2": "2",
        "subfields": [
          {
            "a": "Allergy and Immunology."
          }
        ]
      }
    },
    {
      "650": {
        "ind1": "2",
        "ind2": "2",
        "subfields": [
          {
            "a": "Allergy and Immunology"
          },
          {
            "x": "history."
          }
        ]
      }
    },
    {
      "650": {
        "ind1": "2",
        "ind2": "2",
        "subfields": [
          {
            "a": "Communicable Diseases"
          },
          {
            "x": "history."
          }
        ]
      }
    },
    {
      "650": {
        "ind1": "2",
        "ind2": "2",
        "subfields": [
          {
            "a": "History, 19th Century."
          }
        ]
      }
    },
    {
      "650": {
        "ind1": "2",
        "ind2": "2",
        "subfields": [
          {
            "a": "History, 20th Century."
          }
        ]
      }
    },
    {
      "650": {
        "ind1": "2",
        "ind2": "2",
        "subfields": [
          {
            "a": "Immunization, Passive"
          },
          {
            "x": "history."
          }
        ]
      }
    },
    {
      "651": {
        "ind1": "\\",
        "ind2": "2",
        "subfields": [
          {
            "a": "Germany."
          }
        ]
      }
    },
    {
      "600": {
        "ind1": "1",
        "ind2": "7",
        "subfields": [
          {
            "a": "Behring, Emil von,"
          },
          {
            "d": "1854-1917."
          },
          {
            "2": "fast"
          },
          {
            "0": "(OCoLC)fst00137376"
          }
        ]
      }
    },
    {
      "650": {
        "ind1": "\\",
        "ind2": "7",
        "subfields": [
          {
            "a": "Immunologists."
          },
          {
            "2": "fast"
          },
          {
            "0": "(OCoLC)fst00968005"
          }
        ]
      }
    },
    {
      "650": {
        "ind1": "\\",
        "ind2": "7",
        "subfields": [
          {
            "a": "Physicians."
          },
          {
            "2": "fast"
          },
          {
            "0": "(OCoLC)fst01062841"
          }
        ]
      }
    },
    {
      "651": {
        "ind1": "\\",
        "ind2": "7",
        "subfields": [
          {
            "a": "Germany."
          },
          {
            "2": "fast"
          },
          {
            "0": "(OCoLC)fst01210272"
          }
        ]
      }
    },
    {
      "655": {
        "ind1": "\\",
        "ind2": "2",
        "subfields": [
          {
            "a": "Biography."
          }
        ]
      }
    },
    {
      "655": {
        "ind1": "\\",
        "ind2": "7",
        "subfields": [
          {
            "a": "Biographies."
          },
          {
            "2": "fast"
          },
          {
            "0": "(OCoLC)fst01919896"
          }
        ]
      }
    },
    {
      "655": {
        "ind1": "\\",
        "ind2": "7",
        "subfields": [
          {
            "a": "History."
          },
          {
            "2": "fast"
          },
          {
            "0": "(OCoLC)fst01411628"
          }
        ]
      }
    },
    {
      "830": {
        "ind1": "\\",
        "ind2": "0",
        "subfields": [
          {
            "a": "Memoirs of the American Philosophical Society ;"
          },
          {
            "v": "v. 255."
          }
        ]
      }
    },
    {
      "856": {
        "ind1": "4",
        "ind2": "1",
        "subfields": [
          {
            "3": "Table of contents"
          },
          {
            "u": "http://catdir.loc.gov/catdir/toc/fy0604/2005048348.html"
          }
        ]
      }
    },
    {
      "994": {
        "ind1": "\\",
        "ind2": "\\",
        "subfields": [
          {
            "a": "Z0"
          },
          {
            "b": "NYRVC"
          }
        ]
      }
    },
    {
      "948": {
        "ind1": "\\",
        "ind2": "\\",
        "subfields": [
          {
            "h": "NO HOLDINGS IN NYRVC - 199 OTHER HOLDINGS"
          }
        ]
      }
    },
    {
      "999": {
        "ind1": "\\",
        "ind2": "\\",
        "subfields": [
          {
            "a": "00000000012089"
          }
        ]
      }
    }
  ]
}